<?xml version="1.0" encoding="UTF-8"?><collection xmlns="http://www.loc.gov/MARC21/slim"><record><leader>00336nam--2200121-i-4500</leader><controlfield tag="001">000011592</controlfield><controlfield tag="002">20161230</controlfield><controlfield tag="005">20161230201029</controlfield><controlfield tag="008">060222s1000------------r-----000-0-eng-d</controlfield><datafield ind1=" " ind2=" " tag="080"><subfield code="a">621.039.83 (061.3). 575.11 (061.3)</subfield></datafield><datafield ind1=" " ind2=" " tag="245"><subfield code="a">Breeding for seed protein improvement using nuclear techniques</subfield></datafield><datafield ind1=" " ind2=" " tag="260"><subfield code="a">Vienna, 1975 220 P</subfield></datafield><datafield ind1=" " ind2=" " tag="852"><subfield code="a">37481</subfield></datafield></record></collection>